@article{deuser2022less,
  title={Less Is More: Linear Layers on CLIP Features as Powerful VizWiz Model},
  author={Deuser, Fabian and Habel, Konrad and R{\"o}sch, Philipp J and Oswald, Norbert},
  journal={arXiv preprint arXiv:2206.05281},
  year={2022}
}

@inproceedings{radford2021learning,
  title={Learning transferable visual models from natural language supervision},
  author={Radford, Alec and Kim, Jong Wook and Hallacy, Chris and Ramesh, Aditya and Goh, Gabriel and Agarwal, Sandhini and Sastry, Girish and Askell, Amanda and Mishkin, Pamela and Clark, Jack and others},
  booktitle={International conference on machine learning},
  pages={8748--8763},
  year={2021},
  organization={PMLR}
}